
@collection{mollenhauer_handbuch_2007,
	location = {Berlin},
	edition = {3., neubearb. Aufl},
	title = {Handbuch Dieselmotoren},
	isbn = {978-3-540-72164-2},
	series = {{VDI}-Buch},
	pagetotal = {702},
	publisher = {Springer},
	editor = {Mollenhauer, Klaus and Tschöke, Helmut},
	date = {2007},
	langid = {german},
	keywords = {Combustion Engines},
	file = {Mollenhauer and Tschöke - 2007 - Handbuch Dieselmotoren.pdf:C\:\\Users\\alex\\Documents\\dev\\databases\\Zotero\\storage\\MJRA2ALQ\\Mollenhauer and Tschöke - 2007 - Handbuch Dieselmotoren.pdf:application/pdf}
}

@book{dubbel_taschenbuch_2007,
	location = {Berlin Heidelberg New York},
	edition = {22},
	title = {Taschenbuch für den Maschinenbau},
	isbn = {978-3-540-49714-1},
	pagetotal = {1},
	publisher = {Springer},
	author = {Dubbel, Heinrich and Grote, Karl-Heinrich and Feldhusen, J.},
	date = {2007},
	keywords = {Handbooks, manuals, etc, Mechanical engineering},
	file = {Dubbel et al. - 2007 - Taschenbuch für den Maschinenbau.pdf:C\:\\Users\\alex\\Documents\\dev\\databases\\Zotero\\storage\\PYF3ZUKK\\Dubbel et al. - 2007 - Taschenbuch für den Maschinenbau.pdf:application/pdf}
}

@book{baehr_thermodynamik:_2016,
	location = {Berlin},
	edition = {16., aktualisierte Auflage},
	title = {Thermodynamik: Grundlagen und technische Anwendungen},
	isbn = {978-3-662-49568-1},
	series = {Lehrbuch},
	shorttitle = {Thermodynamik},
	pagetotal = {671},
	publisher = {Springer Vieweg},
	author = {Baehr, Hans Dieter and Kabelac, Stephan},
	date = {2016},
	langid = {german},
	keywords = {Thermodynamics},
	file = {Baehr and Kabelac - 2016 - Thermodynamik Grundlagen und technische Anwendung.pdf:C\:\\Users\\alex\\Documents\\dev\\databases\\Zotero\\storage\\XK3DWICH\\Baehr and Kabelac - 2016 - Thermodynamik Grundlagen und technische Anwendung.pdf:application/pdf}
}

@report{international_organization_for_standardization_iso_2017,
	title = {{ISO} 8217:2017 - Petroleum products - Fuels (class F) - Specifications of marine fuels},
	url = {https://www.iso.org/standard/64247.html},
	pages = {23},
	number = {8217},
	institution = {{ISO}/{TC} 28/{SC} 4},
	author = {{International Organization for Standardization}},
	urldate = {2018-10-08},
	date = {2017-03},
	langid = {english},
	note = {File from www.dan-bunkering.com},
	file = {International Organization for Standardization - 2017 - ISO 82172017 - Petroleum products - Fuels (class .pdf:C\:\\Users\\alex\\Documents\\dev\\databases\\Zotero\\storage\\LWQR2FLG\\International Organization for Standardization - 2017 - ISO 82172017 - Petroleum products - Fuels (class .pdf:application/pdf;ISO 8217\:2017 - Petroleum products -- Fuels (class F) -- Specifications of marine fuels:C\:\\Users\\alex\\Documents\\dev\\databases\\Zotero\\storage\\3XKQYHSA\\64247.html:text/html}
}

@online{egreg_minted_2017,
	title = {Minted and floatrow incompatible - {TeX} - {LaTeX} Stack Exchange},
	url = {https://tex.stackexchange.com/questions/378563/minted-and-floatrow-incompatible/378588#378588},
	author = {{egreg}},
	urldate = {2020-04-10},
	date = {2017},
	file = {Minted and floatrow incompatible - TeX - LaTeX Stack Exchange:C\:\\Users\\alex\\Documents\\dev\\databases\\Zotero\\storage\\YX4ZKULR\\378588.html:text/html}
}

@article{einstein_zur_1905,
	title = {Zur Elektrodynamik bewegter Körper. (German) [On the electrodynamics of moving bodies]},
	volume = {322},
	doi = {http://dx.doi.org/10.1002/andp.19053221004},
	pages = {891--921},
	number = {10},
	journaltitle = {Annalen der Physik},
	author = {Einstein, Albert},
	date = {1905}
}

@book{goossens_latex_1993,
	location = {Reading, Massachusetts},
	title = {The {\textbackslash}{LaTeX}{\textbackslash} Companion},
	publisher = {Addison-Wesley},
	author = {Goossens, Michel and Mittelbach, Frank and Samarin, Alexander},
	date = {1993}
}

@online{knuth_knuth_nodate,
	title = {Knuth: Computers and Typesetting},
	url = {http://www-cs-faculty.stanford.edu/ uno/abcde.html},
	author = {Knuth, Donald},
	keywords = {knuth, latex}
}

@incollection{knuth_fundamental_1973,
	title = {Fundamental Algorithms},
	publisher = {Addison-Wesley},
	author = {Knuth, Donald E.},
	date = {1973},
	note = {Section: 1.2},
	keywords = {knuth, programming}
}

@book{dirac_principles_1981,
	title = {The Principles of Quantum Mechanics},
	isbn = {978-0-19-852011-5},
	series = {International series of monographs on physics},
	publisher = {Clarendon Press},
	author = {Dirac, Paul Adrien Maurice},
	date = {1981},
	keywords = {physics}
}

@software{winkler_modelica-toolslistings-modelica_2020,
	title = {modelica-tools/listings-modelica},
	rights = {{LPPL}-1.3c},
	url = {https://github.com/modelica-tools/listings-modelica},
	abstract = {Modelica syntax highlighting definitions for "listings"},
	publisher = {Modelica Tools},
	author = {Winkler, Dietmar and Sjölund, Martin},
	urldate = {2020-04-10},
	date = {2020-04-10},
	note = {original-date: 2014-03-06T14:59:19Z}
}

@online{mathworks_matlab_2020,
	title = {{MATLAB} — Functions},
	url = {https://www.mathworks.com/help/matlab/referencelist.html},
	author = {{Mathworks}},
	urldate = {2020-04-10},
	date = {2020},
	file = {MATLAB — Functions:C\:\\Users\\alex\\Documents\\dev\\databases\\Zotero\\storage\\8Y9DV37G\\referencelist.html:text/html}
}

@online{mathworks_create_2020,
	title = {Create a Simple Class - {MATLAB} \& Simulink},
	url = {https://www.mathworks.com/help/matlab/matlab_oop/create-a-simple-class.html},
	author = {{Mathworks}},
	urldate = {2020-04-14},
	date = {2020},
	file = {Create a Simple Class - MATLAB & Simulink:C\:\\Users\\alex\\Documents\\dev\\databases\\Zotero\\storage\\DSDFUUBQ\\create-a-simple-class.html:text/html}
}

@inreference{wikipedia_modelica_2020,
	title = {Modelica},
	rights = {Creative Commons Attribution-{ShareAlike} License},
	url = {https://en.wikipedia.org/w/index.php?title=Modelica&oldid=949430270},
	abstract = {Modelica is an object-oriented, declarative, multi-domain modeling language for component-oriented modeling of complex systems, e.g., systems containing mechanical, electrical, electronic, hydraulic, thermal, control, electric power or process-oriented subcomponents.
The free Modelica language
is developed by the non-profit Modelica Association. The Modelica Association also develops the free Modelica Standard Library that contains about 1360 generic model components and 1280 functions in various domains, as of version 3.2.1.},
	booktitle = {Wikipedia},
	author = {{Wikipedia}},
	urldate = {2020-04-14},
	date = {2020-04-06},
	langid = {english},
	note = {Page Version {ID}: 949430270},
	file = {Snapshot:C\:\\Users\\alex\\Documents\\dev\\databases\\Zotero\\storage\\XISJT9W4\\index.html:text/html}
}