%%%%%%%%%%%%%%%%%%%%%%%%%%%%%%%%%%%%%%%%%%%%%%%%%%%%%%%%%%%%%%%%%
% IT
%%%%%%%%%%%%%%%%%%%%%%%%%%%%%%%%%%%%%%%%%%%%%%%%%%%%%%%%%%%%%%%%%
@abbreviation{uniform_resource_locator,
    short={URL},
    long={Uniform Resource Locator},
}
@abbreviation{single_source_of_truth,
    short={SSOT},
    long={Single Source of Truth},
}
@abbreviation{what_you_see_is_what_you_mean,
    short={WYSIWYM},
    long={What You See Is What You Mean},
}
%%%%%%%%%%%%%%%%%%%%%%%%%%%%%%%%%%%%%%%%%%%%%%%%%%%%%%%%%%%%%%%%%
% Organizations
%%%%%%%%%%%%%%%%%%%%%%%%%%%%%%%%%%%%%%%%%%%%%%%%%%%%%%%%%%%%%%%%%
@abbreviation{international_organization_for_standardization,
    short={ISO},
    long={International Organization for Standardization},
}
@abbreviation{int_mar_org,
    short={IMO},
    long={International Maritime Organization}
}
%%%%%%%%%%%%%%%%%%%%%%%%%%%%%%%%%%%%%%%%%%%%%%%%%%%%%%%%%%%%%%%%%
% Marine
%%%%%%%%%%%%%%%%%%%%%%%%%%%%%%%%%%%%%%%%%%%%%%%%%%%%%%%%%%%%%%%%%
@abbreviation{marine_diesel_oil,
    short={MDO},
    long={Marine Diesel Oil}
}
@abbreviation{heavy_fuel_oil,
    short={HFO},
    long={Heavy Fuel Oil}
}
