@number{pi,
    name={\ensuremath{\pi}},
    description={Pi},
    value={\num{3.14159}},
    unit={},
}
