%%%%%%%%%%%%%%%%%%%%%%%%%%%%%%%%%%%%%%%%%%%%%%%%%%%%%%%%%%%%%%%%%
% Thermodynamics
%%%%%%%%%%%%%%%%%%%%%%%%%%%%%%%%%%%%%%%%%%%%%%%%%%%%%%%%%%%%%%%%%
@symbol{ratio_of_specific_heats,
    name={\ensuremath{\kappa}},
    description={Ratio of specific heats},
    unit={--},
}
@symbol{celsius_temperature,
    name={\ensuremath{\vartheta}},
    description={(relative) Temperature},
    unit={\si{\degreeCelsius}},
}
%%%%%%%%%%%%%%%%%%%%%%%%%%%%%%%%%%%%%%%%%%%%%%%%%%%%%%%%%%%%%%%%%
% Other
%%%%%%%%%%%%%%%%%%%%%%%%%%%%%%%%%%%%%%%%%%%%%%%%%%%%%%%%%%%%%%%%%
@symbol{mass_fraction,
    name={\ensuremath{\gamma}},
    description={Mass fraction},
    unit={--},
}
@symbol{angle_one,
    name={\ensuremath{\alpha}},
    description={Angle},
    unit={\si{\radian}},
}
