% Math operators

@entry{derivative,
    name={\derivativefmt{\symbolplaceholder}},
    description={infinitesimal change in \symbolplaceholder},
    unit={\symbolplaceholder},
}
@entry{partial_derivative,
    name={\partialderivativefmt{\symbolplaceholder}},
    description={partial, infinitesimal change in \symbolplaceholder},
    unit={--},
}
@entry{difference,
    name={\differencefmt{\symbolplaceholder}},
    description={Difference in \symbolplaceholder},
    unit={\symbolplaceholder},
}
