@symbol{inferior,
    name={\text{i}},
    description={inferior},
}
